@article{nenadic2007,
  title={Correspondence analysis in R, with two-and three-dimensional graphics: The ca package},
  author={Nenadic, Oleg and Greenacre, Michael},
  year={2007}
}
